<?xml version="1.0" encoding="UTF-8"?><collection xmlns="http://www.loc.gov/MARC21/slim"><record><leader>00558nam--2200193-i-4500</leader><controlfield tag="001">000001318</controlfield><controlfield tag="002">20161230</controlfield><controlfield tag="005">20161230201024</controlfield><controlfield tag="008">060222s1000------------r-----000-0-eng-d</controlfield><datafield ind1=" " ind2=" " tag="040"><subfield code="a">IFIN-HH</subfield></datafield><datafield ind1=" " ind2=" " tag="080"><subfield code="a">551.5</subfield></datafield><datafield ind1="1" ind2=" " tag="100"><subfield code="a">Macdonald, Gordon J</subfield></datafield><datafield ind1="1" ind2="0" tag="245"><subfield code="a">Global climate and ecosystem change</subfield><subfield code="c">Gordon j. macdonald, luigi sertorio(eds.)</subfield></datafield><datafield ind1=" " ind2=" " tag="260"><subfield code="a">New York</subfield><subfield code="b">Plenum Press</subfield><subfield code="c">1990</subfield></datafield><datafield ind1=" " ind2=" " tag="300"><subfield code="a">IX + 252 P</subfield></datafield><datafield ind1=" " ind2=" " tag="490"><subfield code="a">Nato Advanced Study Insititutes Series, 240</subfield></datafield><datafield ind1="1" ind2=" " tag="700"><subfield code="a">Sertorio, Luigi</subfield><subfield code="e">Ed</subfield></datafield><datafield ind1=" " ind2=" " tag="852"><subfield code="a">42270</subfield><subfield code="c">53</subfield></datafield><datafield ind1=" " ind2=" " tag="CAT"><subfield code="a">Sys</subfield><subfield code="c">20150320</subfield><subfield code="h">133908</subfield></datafield></record></collection>